@book{TIJ,
	author	= "Bruce Eckel",
	title	= "Thinking in Java",
	edition	= "4\textsuperscript{th}",
	year	= "2006",
	publisher	= "Pearson Education"
}

@misc{website:reflection,
	title	= "{The Reflection API}",
	author	= "{SUN Microsystems}",
	year	= "2006",
	howpublished	=
		"\\ \url{http://java.sun.com/docs/books/tutorial/reflect/}"
}

% multiple items with same author & year show up as Ya, Yb, Yc, etc.
@book{SomeBook,
	author	= "Some Author",
	title	= "Some Title",
	year	= "2001",
	publisher	= "Some Publisher"
}
@book{SomeOtherBook,
	author	= "Some Author",
	title	= "Some Other Title",
	year	= "2001",
	publisher	= "Some Other Publisher"
}
