@book{ttcn3intro,
	author	= "Colin Willcock and Thomas Dei√ü and Stephan Tobies 
		and Stefan Keil and Federico Engler and Stephan Schulz",
	title	= "An Introduction to TTCN-3",
	year	= "2005",
	publisher	= "John Wiley \& Sons Ltd"
}

@book{TIJ,
	author	= "Bruce Eckel",
	title	= "Thinking in Java",
	edition	= "4\textsuperscript{th}",
	year	= "2006",
	publisher	= "Pearson Education"
}

@misc{website:ttcn3.org,
	title	= "{TTCN-3.org} website",
	author	= "ETSI",
	year	= "2009",
	howpublished	= "\url{www.ttcn-3.org}",
}

@misc{website:java2idl-mapping,
	title	= "{Java} to {IDL} Language Mapping, Version 1.4",
	author	= "{Object Management Group}",
	year	= "2008",
	howpublished	= "\\ \url{http://www.omg.org/spec/JAV2I/1.4/PDF}"
}

@misc{website:reflection,
	title	= "{The Reflection API}",
	author	= "{SUN Microsystems}",
	year	= "2008",
	howpublished	=
		"\\ \url{http://java.sun.com/docs/books/tutorial/reflect/}"
}

@misc{website:learning-java,
	title	= "{Learning the Java Language}",
	author	= "{SUN Microsystems}",
	year	= "2008",
	howpublished	=
		"\\ \url{http://java.sun.com/docs/books/tutorial/java/}"
}

@misc{website:eclipse,
	title	= "Eclipse",
	author	= "{Eclipse Foundation}",
	year	= "2009",
	howpublished	= "\url{http://www.eclipse.org/}"
}

@misc{website:ttworkbench,
	title	= "{TTworkbench}",
	author	= "{Testing Technologies}",
	year	= "2009",
	howpublished	=
		"\\ \url{http://www.testingtech.com/products/ttworkbench.php}"
}

@misc{website:java-api,
	title	= "{Java Platform, Standard Edition 6 API Specification}",
	author	= "{SUN Microsystems}",
	year	= "2008",
	howpublished	= "\\ \url{http://java.sun.com/javase/6/docs/api/}"
}

@misc{website:equals-hashcode,
	title	= "{Equals and Hash Code in Java}",
	year	= "2008",
	howpublished	=
"\\ \url{http://www.geocities.com/technofundo/tech/java/equalhash.html}"
}

@misc{website:java-class-names,
	title	= "{Java class names}",
	author	= "McDowell",
	year	= "2008",
	howpublished	= "\\ \raggedright \url{http://illegalargumentexception.blogspot.com/2008/06/java-class-names.html}"

}

@misc{website:java-tutorial-exceptions,
	title	= "{Essential Classes}",
	author	= "{SUN Microsystems}",
	year	= "2008",
	howpublished	=
		"\\ \url{http://java.sun.com/docs/books/tutorial/essential/}"
}

@misc{ttcn3-uc-2007-managing-concurrency,
	author	= "Pierre Bentkowski",
	title	= "{Managing Concurrency and Parallel Testing with TTCN-3}",
	year	= "2007",
	howpublished	= "TTCN-3 Users conference Asia, Beijing, China,\\
		\raggedright \url{http://www.ttcn-3.org/TTCN3UCAsia2007/Presentations/TTCN3%20UC%202007%20Concurrent%20TTCN.pdf}"
}

@misc{ttcn3-uc-2007-ttcn3-intro,
	author	= "Theofanis Vassiliou-Gioles",
	title	= "{The TTCN-3 Language, An Introduction}",
	year	= "2007",
	howpublished	= "TTCN-3 Users conference Asia,\\
		\raggedright \url{http://www.ttcn-3.org/TTCN3UCAsia2007/Presentations/TTCN-3%20User%20Conference%20Asia.pdf}"
}

@misc{etsi-ttcn3-tutorial,
	author	= "{ETSI Protocol and Testing Competence Centre}",
	title	= "About TTCN-3",
	year	= "2007",
	howpublished	=
		"\\ \url{http://www.ttcn-3.org/doc/ETSI_TTCN3_Tutorial.ppt}"
}
